@article{Chaparro,
	title={M{\'o}dulo Terminal Remoto, para la adquisici{\'o}n de datos, monitoreo y control de procesos Agroindustriales-AgriculTIC},
	author={Chaparro Mesa, Jorge Enrique and Barrera Lombana, Nelson and Le{\'o}n Socha, Fredy Alonso},
	journal={Ingeniare. Revista chilena de ingenier{\'\i}a},
	volume={29},
	number={2},
	pages={245--264},
	year={2021},
	publisher={SciELO Chile},
	doi={10.4067/S0718-33052021000200245 }
}

@article{Rodriguez,
	title={Anatom{\'\i}a foliar relacionada con la ruta fotosint{\'e}tica en {\'a}rboles de caf{\'e} (Coffea arabica L., var. Caturra Rojo) expuestos a diferentes niveles de radiaci{\'o}n solar en la Sierra Maestra, Granma, Cuba},
	author={Rodr{\'\i}guez Larramendi, Luis Alfredo and Guevara Hern{\'a}ndez, Francisco and G{\'o}mez Castro, Heriberto and Fonseca Flores, Mar{\'\i}a and G{\'o}mez Casta{\~n}eda, Julio Cesar and Pinto Ruiz, Ren{\'e}},
	journal={Acta Agron{\'o}mica},
	volume={65},
	number={3},
	pages={248--254},
	year={2016},
	publisher={Universidad Nacional de Colombia},
	doi={10.15446/acag.v65n3.46731}
}